<?xml version="1.0" encoding="UTF-8"?><record xmlns="http://www.loc.gov/MARC21/slim" xmlns:cinclude="http://apache.org/cocoon/include/1.0" xmlns:zs="http://www.loc.gov/zing/srw/">
  <leader>00991cz  a2200205n  4500</leader>
  <controlfield tag="001">no 89000610 </controlfield>
  <controlfield tag="003">DLC</controlfield>
  <controlfield tag="005">20130315104830.0</controlfield>
  <controlfield tag="008">890119n| azannaab           |a aaa     c</controlfield>
  <datafield tag="010" ind1=" " ind2=" ">
    <subfield code="a">no 89000610 </subfield>
  </datafield>
  <datafield tag="040" ind1=" " ind2=" ">
    <subfield code="a">MnHi</subfield>
    <subfield code="b">eng</subfield>
    <subfield code="e">rda</subfield>
    <subfield code="c">MnHi</subfield>
    <subfield code="d">DLC</subfield>
  </datafield>
  <datafield tag="046" ind1=" " ind2=" ">
    <subfield code="f">1856</subfield>
  </datafield>
  <datafield tag="100" ind1="1" ind2=" ">
    <subfield code="a">Conway, John Joseph,</subfield>
    <subfield code="d">1856-</subfield>
  </datafield>
  <datafield tag="400" ind1="1" ind2=" ">
    <subfield code="a">Conway, Jno. J.</subfield>
    <subfield code="q">(John Joseph),</subfield>
    <subfield code="d">1856-</subfield>
  </datafield>
  <datafield tag="400" ind1="1" ind2=" ">
    <subfield code="a">Conway, John,</subfield>
    <subfield code="d">1856-</subfield>
  </datafield>
  <datafield tag="400" ind1="1" ind2=" ">
    <subfield code="w">nnea</subfield>
    <subfield code="a">Conway, John Joseph,</subfield>
    <subfield code="d">b. 1856</subfield>
  </datafield>
  <datafield tag="670" ind1=" " ind2=" ">
    <subfield code="a">Stories told for revenue only, 1893:</subfield>
    <subfield code="b">p. 3, etc. (Rev. Jno. J. Conway; Rev. John J. Conway)</subfield>
  </datafield>
  <datafield tag="670" ind1=" " ind2=" ">
    <subfield code="a">His Old Holmes, 1893:</subfield>
    <subfield code="b">t.p. (Rev. John Joseph Conway, M.A.)</subfield>
  </datafield>
  <datafield tag="670" ind1=" " ind2=" ">
    <subfield code="a">His Literary St. Paul, 1894:</subfield>
    <subfield code="b">t.p. (Rev. John Conway)</subfield>
  </datafield>
  <datafield tag="670" ind1=" " ind2=" ">
    <subfield code="a">Golden jubilee, 1888-1938, Saint James Church ... 1938:</subfield>
    <subfield code="b">p. 12 (Rev. Father John Conway; b. 9-18-1856, Kilmogary, Kilkenny, Ireland; ord. 1878; to Minn. in 1883; priest at Avoca and St. Paul; taught at St. Thomas Seminary; went to Paris in 1895 and died there about the first of the century)</subfield>
  </datafield>
</record>